@article{hinton2010practical,
  title={A practical guide to training restricted Boltzmann machines},
  author={Hinton, Geoffrey},
  journal={Momentum},
  volume={9},
  number={1},
  pages={926},
  year={2010}
}

@article{hinton2006fast,
  title={A fast learning algorithm for deep belief nets},
  author={Hinton, Geoffrey and Osindero, Simon and Teh, Yee-Whye},
  journal={Neural computation},
  volume={18},
  number={7},
  pages={1527--1554},
  year={2006},
  publisher={MIT Press}
}

@article{salakhutdinov2012efficient,
  title={An efficient learning procedure for deep Boltzmann machines},
  author={Salakhutdinov, Ruslan and Hinton, Geoffrey},
  journal={Neural computation},
  volume={24},
  number={8},
  pages={1967--2006},
  year={2012},
  publisher={MIT Press}
}

@article{ackley1985learning,
  title={A learning algorithm for boltzmann machines*},
  author={Ackley, David H and Hinton, Geoffrey E and Sejnowski, Terrence J},
  journal={Cognitive science},
  volume={9},
  number={1},
  pages={147--169},
  year={1985},
  publisher={Wiley Online Library}
}

@book{oliphant2006guide,
  title={A Guide to NumPy},
  author={Oliphant, Travis E},
  volume={1},
  year={2006},
  publisher={Trelgol Publishing USA}
}

@article{deng2012mnist,
  title={The MNIST database of handwritten digit images for machine learning research},
  author={Deng, Li},
  journal={IEEE Signal Processing Magazine},
  volume={141},
  pages={142},
  year={2012}
}

@article{hopfield1985neural,
  title={“Neural” computation of decisions in optimization problems},
  author={Hopfield, John J and Tank, David W},
  journal={Biological cybernetics},
  volume={52},
  number={3},
  pages={141--152},
  year={1985},
  publisher={Springer}
}\\

@article{neal1992connectionist,
  title={Connectionist learning of belief networks},
  author={Neal, Radford M},
  journal={Artificial intelligence},
  volume={56},
  number={1},
  pages={71--113},
  year={1992},
  publisher={Elsevier}
}

@article{peterson1987mean,
  title={A mean field theory learning algorithm for neural networks},
  author={Peterson, Carsten},
  journal={Complex systems},
  volume={1},
  pages={995--1019},
  year={1987}
}